<?xml version="1.0" encoding="UTF-8" ?>
<record Numero="14023953" format="InterXMarc_Complet" type="Authority">
<leader>00773c0 au22000272  45  <Pos Code="0004">00773</Pos>
<Pos Code="05" Sens="notice modifiée">c</Pos>
<Pos Code="06" Sens="notice validée par les services d&apos;autorité">0</Pos>
<Pos Code="08" Sens="notice d&apos;autorité">a</Pos>
<Pos Code="09" Sens="titre uniforme musical (TUM)">u</Pos>
<Pos Code="10">2</Pos>
<Pos Code="11">2</Pos>
<Pos Code="1216">00027</Pos>
<Pos Code="17" Sens="autres cas">2</Pos>
<Pos Code="20">4</Pos>
<Pos Code="21">5</Pos>
</leader>
<controlfield tag="001">FRBNF140239532<Pos Code="0001">FR</Pos>
<Pos Code="0204">BNF</Pos>
<Pos Code="0512">14023953</Pos>
<Pos Code="13">2</Pos>
</controlfield>
<controlfield tag="008">990719120329yyitd opu       1722                             1   <Pos Code="0001">99</Pos>
<Pos Code="0203">07</Pos>
<Pos Code="0405">19</Pos>
<Pos Code="0607">12</Pos>
<Pos Code="0809">03</Pos>
<Pos Code="1011">29</Pos>
<Pos Code="1213" Sens="ne s&apos;applique pas">yy</Pos>
<Pos Code="1416" Sens="dialecte italien [italiens, dialectes => dialecte italien, milanais => dialecte italien, vénitien => dialecte italien]">itd</Pos>
<Pos Code="1820" Sens="dramma giocoso => opera buffa.">opu</Pos>
<Pos Code="2831">1722</Pos>
<Pos Code="61" Sens="La vedette peut être liée à une notice bibliographique sauf pour l&apos;accès matière RAMEAU">1</Pos>
</controlfield>
<datafield tag="048" ind1=" " ind2=" ">
	<subfield code="a">va05<Pos Code="0001" Sens="voix - soprano">va</Pos>
<Pos Code="02">0</Pos>
<Pos Code="03">5</Pos>
</subfield>
	<subfield code="a">vc01<Pos Code="0001" Sens="voix - alto">vc</Pos>
<Pos Code="02">0</Pos>
<Pos Code="03">1</Pos>
</subfield>
	<subfield code="a">vd01<Pos Code="0001" Sens="voix - ténor">vd</Pos>
<Pos Code="02">0</Pos>
<Pos Code="03">1</Pos>
</subfield>
	<subfield code="a">ve02<Pos Code="0001" Sens="voix - baryton">ve</Pos>
<Pos Code="02">0</Pos>
<Pos Code="03">2</Pos>
</subfield>
	<subfield code="a">vf01<Pos Code="0001" Sens="voix - basse">vf</Pos>
<Pos Code="02">0</Pos>
<Pos Code="03">1</Pos>
</subfield>
	<subfield code="a">oa01<Pos Code="0001" Sens="orchestre - orchestre symphonique XIXe-XXe s.">oa</Pos>
<Pos Code="02">0</Pos>
<Pos Code="03">1</Pos>
</subfield>
</datafield>
<datafield tag="100" ind1=" " ind2=" ">
	<subfield code="3">13900872</subfield>
	<subfield code="w"> 0  b     </subfield>
	<subfield code="a">Vinci</subfield>
	<subfield code="m">Leonardo</subfield>
	<subfield code="d">1690?-1730</subfield>
</datafield>
<datafield tag="144" ind1="1" ind2=" ">
	<subfield code="w">....b.itd.</subfield>
	<subfield code="a" Barre="3">Li zite &apos;n galera</subfield>
</datafield>
<datafield tag="322" ind1="6" ind2=" ">
	<subfield code="3">14472463</subfield>
	<subfield code="9">100</subfield>
	<subfield code="w">.0.2b.....</subfield>
	<subfield code="a">Saddumene</subfield>
	<subfield code="m">Bernardo</subfield>
	<subfield code="d">17..?-1733?</subfield>
</datafield>
<datafield tag="444" ind1="1" ind2=" ">
	<subfield code="w">....b.fre.</subfield>
	<subfield code="a" Barre="4">Les fiancés en galère</subfield>
</datafield>
<datafield tag="444" ind1="1" ind2=" ">
	<subfield code="w">....b.eng.</subfield>
	<subfield code="a" Barre="4">The lovers on the galley</subfield>
</datafield>
<datafield tag="600" ind1=" " ind2=" ">
	<subfield code="a">Opéra bouffe en 3 actes</subfield>
	<subfield code="a">Livret de Bernardo Saddumene</subfield>
	<subfield code="a">Créé au Teatro dei Fiorentini à Naples le 3 janvier 1722</subfield>
</datafield>
<datafield tag="608" ind1=" " ind2=" ">
	<subfield code="b">Carlo, Belluccia, Ciommetella, Ciccariello, la jeune esclave (sopranos)</subfield>
	<subfield code="b">Titta (alto)</subfield>
	<subfield code="b">Meneca, Col&apos;Agnolo (ténors)</subfield>
	<subfield code="b">Rapisto, Assan (barytons)</subfield>
	<subfield code="b">Federico (basse)</subfield>
</datafield>
<datafield tag="610" ind1=" " ind2=" ">
	<subfield code="a">Grove 6</subfield>
	<subfield code="a">Grove opera</subfield>
</datafield>
<datafield tag="917" ind1=" " ind2=" ">
	<subfield code="o">OPC</subfield>
	<subfield code="a">101661830</subfield>
</datafield>
<datafield tag="996" ind1=" " ind2=" ">
	<subfield code="o">OPP</subfield>
	<subfield code="a">13872254</subfield>
	<subfield code="d">20120329</subfield>
</datafield>
<Attr Nom="IDPerenne">ark:/12148/cb14023953x</Attr>
<Attr Nom="NumSource">OPC 101661830</Attr>
<Attr Nom="Source" Sens="BnF catalogue général (depuis 1999)">A</Attr>
<Attr Nom="NumAutoriteLiee">1390087214472463</Attr>
<Attr Nom="DateCreation">19/07/ 1999</Attr>
<Attr Nom="ResponsableCreation">MIGV2</Attr>
<Attr Nom="StructCreation">1</Attr>
<Attr Nom="DateDerniereValidation">29/03/ 2012</Attr>
<Attr Nom="ResponsableDerniereValidation">SERRES CATHERINE</Attr>
<Attr Nom="StructPremiereValidation">1</Attr>
<Attr Nom="DatePremiereValidation">19/07/ 1999</Attr>
<Attr Nom="ResponsablePremiereValidation">MIGV2</Attr>
<Attr Nom="StructDerniereValidation">82</Attr>
<Attr Nom="NumSource" Rep="1">OPP 13872254</Attr>
</record>
